% 1. Intro ============================================
@book{ike-and-mike,
  title={{Quantum Computation and Quantum Information}},
  author={Nielsen, Michael A and Chuang, Isaac},
  year={2000},
  publisher={Cambridge University Press}
}

@article{burkard2023semiconductor,
  title={Semiconductor spin qubits},
  author={Burkard, Guido and Ladd, Thaddeus D and Pan, Andrew and Nichol, John M and Petta, Jason R},
  journal={Reviews of Modern Physics},
  volume={95},
  number={2},
  pages={025003},
  year={2023},
  publisher={APS}
}
@article{briegel2000quantum,
  title={Quantum computing with neutral atoms},
  author={Briegel, H-J and Calarco, Tommaso and Jaksch, Dieter and Cirac, Juan Ignacio and Zoller, Peter},
  journal={Journal of modern optics},
  volume={47},
  number={2-3},
  pages={415--451},
  year={2000},
  publisher={Taylor \& Francis}
}


@article{devoret2013superconducting,
  title={{Superconducting circuits for quantum information: an outlook}},
  author={Devoret, Michel H and Schoelkopf, Robert J},
  journal={Science},
  volume={339},
  number={6124},
  pages={1169--1174},
  year={2013},
  publisher={American Association for the Advancement of Science}
}
@article{krantz2019quantum,
  title={{A quantum engineer's guide to superconducting qubits}},
  author={Krantz, Philip and Kjaergaard, Morten and Yan, Fei and Orlando, Terry P and Gustavsson, Simon and Oliver, William D},
  journal={Applied Physics Reviews},
  volume={6},
  number={2},
  year={2019},
  publisher={AIP Publishing}
}
@article{kjaergaard2020superconducting,
  title={{Superconducting qubits: Current state of play}},
  author={Kjaergaard, Morten and Schwartz, Mollie E and Braum{\"u}ller, Jochen and Krantz, Philip and Wang, Joel I-J and Gustavsson, Simon and Oliver, William D},
  journal={Annual Review of Condensed Matter Physics},
  volume={11},
  pages={369--395},
  year={2020},
  publisher={Annual Reviews}
}

@article{gidney2021factor,
  title={{How to factor 2048 bit RSA integers in 8 hours using 20 million noisy qubits}},
  author={Gidney, Craig and Eker{\aa}, Martin},
  journal={Quantum},
  volume={5},
  pages={433},
  year={2021},
  publisher={Verein zur F{\"o}rderung des Open Access Publizierens in den Quantenwissenschaften}
}

@article{terhal2020bosonic,
  title={Towards scalable bosonic quantum error correction},
  author={Terhal, Barbara M and Conrad, Jonathan and Vuillot, Christophe},
  journal={Quantum Science and Technology},
  volume={5},
  number={4},
  pages={043001},
  year={2020},
  publisher={IOP Publishing}
}
@article{cai2021bosonic,
  title={Bosonic quantum error correction codes in superconducting quantum circuits},
  author={Cai, Weizhou and Ma, Yuwei and Wang, Weiting and Zou, Chang-Ling and Sun, Luyan},
  journal={Fundamental Research},
  volume={1},
  number={1},
  pages={50--67},
  year={2021},
  publisher={Elsevier}
}
@article{joshi2021bosonic,
  title={{Quantum information processing with bosonic qubits in circuit QED}},
  author={Joshi, Atharv and Noh, Kyungjoo and Gao, Yvonne Y},
  journal={Quantum Science and Technology},
  volume={6},
  number={3},
  pages={033001},
  year={2021},
  publisher={IOP Publishing}
}




% ##### 


@article{caves2013quantum,
  title={{Quantum information science: Emerging no more}},
  author={Caves, Carlton M},
  journal={arXiv:1302.1864},
  url={https://arxiv.org/abs/1302.1864},
  year={2013}
}

@article{gisin2007quantum,
  title={Quantum communication},
  author={Gisin, Nicolas and Thew, Rob},
  journal={Nature Photonics},
  volume={1},
  number={3},
  pages={165--171},
  year={2007},
  publisher={Nature Publishing Group}
}
@article{degen2017quantum,
  title={Quantum sensing},
  author={Degen, Christian L and Reinhard, Friedemann and Cappellaro, Paola},
  journal={Reviews of Modern Physics},
  volume={89},
  number={3},
  pages={035002},
  year={2017},
  publisher={APS}
}
@misc{spentzouris2020quantum,
  title={{Quantum Computing: Advancing Fundamental Physics}},
  author={Spentzouris, Panagiotis},
  journal={Springer Computing and Software for Big Science},
  volume={4},
  number={1},
  pages={1--4},
  year={2020},
  publisher={Springer}
}

@article{shor1995scheme,
  title={{Scheme for reducing decoherence in quantum computer memory}},
  author={Shor, Peter W},
  journal={Physical Review A},
  volume={52},
  number={4},
  pages={R2493},
  year={1995},
  publisher={APS}
}

@article{steane1996error,
  title={{Error correcting codes in quantum theory}},
  author={Steane, Andrew M},
  journal={Physical Review Letters},
  volume={77},
  number={5},
  pages={793},
  year={1996},
  publisher={APS}
}

@article{gottesman1996class,
  title={{Class of quantum error-correcting codes saturating the quantum Hamming bound}},
  author={Gottesman, Daniel},
  journal={Physical Review A},
  volume={54},
  number={3},
  pages={1862},
  year={1996},
  publisher={APS}
}

@article{kitaev2003fault,
  title={{Fault-tolerant quantum computation by anyons}},
  author={Kitaev, A Yu},
  journal={{Annals of Physics}},
  volume={303},
  number={1},
  pages={2--30},
  year={2003},
  publisher={Elsevier}
}

@article{fowler2012surface,
  title={{Surface codes: Towards practical large-scale quantum computation}},
  author={Fowler, Austin G and Mariantoni, Matteo and Martinis, John M and Cleland, Andrew N},
  journal={Physical Review A},
  volume={86},
  number={3},
  pages={032324},
  year={2012},
  publisher={APS}
}




% 2. QEC ============================================

@online{girvin2019QECvideo,
  title={{Introduction to Quantum Error Correction}},
  author={Steven M. Girvin},
  year={2019},
  url={https://www.youtube.com/watch?v=uD69GCYF9Zg}
}
@book{shankar1994principles,
  title={{Principles of Quantum Mechanics}},
  author={Shankar, R.},
  isbn={9780306447907},
  lccn={94026837},
  url={https://books.google.com/books?id=2zypV5EbKuIC},
  year={1994},
  publisher={Springer}
}
@book{raimond2006exploring,
  title={{Exploring the quantum}},
  author={Raimond, Jean-Michel and Haroche, Serge},
  publisher={Oxford University Press},
  year={2006}
}
@book{grynberg2010introduction,
  title={{Introduction to quantum optics: from the semi-classical approach to quantized light}},
  author={Grynberg, Gilbert and Aspect, Alain and Fabre, Claude},
  year={2010},
  publisher={Cambridge University Press}
}

@article{gottesman2001gkp,
  title={{Encoding a qubit in an oscillator}},
  author={Gottesman, Daniel and Kitaev, Alexei and Preskill, John},
  journal={Physical Review A},
  volume={64},
  number={1},
  pages={012310},
  year={2001},
  publisher={APS}
}

@article{glancy2006gkperror,
  title={{Error analysis for encoding a qubit in an oscillator}},
  author={Glancy, Scott and Knill, Emanuel},
  journal={Physical Review A},
  volume={73},
  number={1},
  pages={012325},
  year={2006},
  publisher={APS}
}

@article{campagne2020gkp-expt,
  title={{Quantum error correction of a qubit encoded in grid states of an oscillator}},
  author={Campagne-Ibarcq, Philippe and Eickbusch, Alec and Touzard, Steven and Zalys-Geller, Evan and Frattini, Nicholas E and Sivak, Volodymyr V and Reinhold, Philip and Puri, Shruti and Shankar, Shyam and Schoelkopf, Robert J and others},
  journal={Nature},
  volume={584},
  number={7821},
  pages={368--372},
  year={2020},
  publisher={Nature Publishing Group UK London}
}
@article{sivak2023gkp-expt,
  title={{Real-time quantum error correction beyond break-even}},
  author={Sivak, VV and Eickbusch, A and Royer, B and Singh, S and Tsioutsios, I and Ganjam, S and Miano, A and Brock, BL and Ding, AZ and Frunzio, L and others},
  journal={Nature},
  volume={616},
  number={7955},
  pages={50--55},
  year={2023},
  publisher={Nature}
}
@article{nordquantique2023gkp-expt,
  title={{Autonomous quantum error correction of Gottesman-Kitaev-Preskill states}},
  author={Lachance-Quirion, Dany and Lemonde, Marc-Antoine and Simoneau, Jean Olivier and St-Jean, Lucas and Lemieux, Pascal and Turcotte, Sara and Wright, Wyatt and Lacroix, Am{\'e}lie and Fr{\'e}chette-Viens, Jo{\"e}lle and Shillito, Ross and others},
  journal={arXiv:2310.11400},
  url={https://arxiv.org/abs/2310.11400},
  year={2023}
}

@article{fluhmann2019gkp-expt,
  title={{Encoding a qubit in a trapped-ion mechanical oscillator}},
  author={Fl{\"u}hmann, Christa and Nguyen, Thanh Long and Marinelli, Matteo and Negnevitsky, Vlad and Mehta, Karan and Home, JP},
  journal={Nature},
  volume={566},
  number={7745},
  pages={513--517},
  year={2019},
  publisher={Nature Publishing Group UK London}
}
@article{deneeve2022gkp-expt,
  title={{Error correction of a logical grid state qubit by dissipative pumping}},
  author={De Neeve, Brennan and Nguyen, Thanh-Long and Behrle, Tanja and Home, Jonathan P},
  journal={Nature Physics},
  volume={18},
  number={3},
  pages={296--300},
  year={2022},
  publisher={Nature Publishing Group UK London}
}
@article{royer2020gkp,
  title={{Stabilization of finite-energy Gottesman-Kitaev-Preskill states}},
  author={Royer, Baptiste and Singh, Shraddha and Girvin, SM},
  journal={Physical Review Letters},
  volume={125},
  number={26},
  pages={260509},
  year={2020},
  publisher={APS}
}
@article{royer2022multimodegkp,
  title={{Encoding qubits in multimode grid states}},
  author={Royer, Baptiste and Singh, Shraddha and Girvin, Steven M},
  journal={PRX Quantum},
  volume={3},
  number={1},
  pages={010335},
  year={2022},
  publisher={APS}
}
@article{albert2018performance-and-structure,
  title={{Performance and structure of single-mode bosonic codes}},
  author={Albert, Victor V and Noh, Kyungjoo and Duivenvoorden, Kasper and Young, Dylan J and Brierley, RT and Reinhold, Philip and Vuillot, Christophe and Li, Linshu and Shen, Chao and Girvin, SM and others},
  journal={Physical Review A},
  volume={97},
  number={3},
  pages={032346},
  year={2018},
  publisher={APS}
}
@article{noh2018performance-and-structure-pt2,
  title={{Quantum capacity bounds of Gaussian thermal loss channels and achievable rates with Gottesman-Kitaev-Preskill codes}},
  author={Noh, Kyungjoo and Albert, Victor V and Jiang, Liang},
  journal={IEEE Transactions on Information Theory},
  volume={65},
  number={4},
  pages={2563--2582},
  year={2018},
  publisher={IEEE}
}
@article{terhal2016phase-estimation,
  title={{Encoding a qubit into a cavity mode in circuit QED using phase estimation}},
  author={Terhal, BM and Weigand, Daniel},
  journal={Physical Review A},
  volume={93},
  number={1},
  pages={012315},
  year={2016},
  publisher={APS}
}
@article{khaneja2005grape,
  title={{Optimal control of coupled spin dynamics: design of NMR pulse sequences by gradient ascent algorithms}},
  author={Khaneja, Navin and Reiss, Timo and Kehlet, Cindie and Schulte-Herbr{\"u}ggen, Thomas and Glaser, Steffen J},
  journal={Journal of magnetic resonance},
  volume={172},
  number={2},
  pages={296--305},
  year={2005},
  publisher={Elsevier}
}
@phdthesis{reinhold2019thesis,
    author={Reinhold, Philip},
    title={{Controlling Error-Correctable Bosonic Qubits}},
    school={Yale University},
    year={2019}
}
@article{krastanov2015-SNAP,
  title={Universal control of an oscillator with dispersive coupling to a qubit},
  author={Krastanov, Stefan and Albert, Victor V and Shen, Chao and Zou, Chang-Ling and Heeres, Reinier W and Vlastakis, Brian and Schoelkopf, Robert J and Jiang, Liang},
  journal={Physical Review A},
  volume={92},
  number={4},
  pages={040303},
  year={2015},
  publisher={APS}
}
@article{heeres2015-SNAP,
  title={Cavity state manipulation using photon-number selective phase gates},
  author={Heeres, Reinier W and Vlastakis, Brian and Holland, Eric and Krastanov, Stefan and Albert, Victor V and Frunzio, Luigi and Jiang, Liang and Schoelkopf, Robert J},
  journal={Physical review letters},
  volume={115},
  number={13},
  pages={137002},
  year={2015},
  publisher={APS}
}
@article{fosel2020-SNAP,
  title={{Efficient cavity control with SNAP gates}},
  author={F{\"o}sel, Thomas and Krastanov, Stefan and Marquardt, Florian and Jiang, Liang},
  journal={arXiv:2004.14256},
  year={2020}
}
@article{eickbusch2022-ECD,
  title={Fast universal control of an oscillator with weak dispersive coupling to a qubit},
  author={Eickbusch, Alec and Sivak, Volodymyr and Ding, Andy Z and Elder, Salvatore S and Jha, Shantanu R and Venkatraman, Jayameenakshi and Royer, Baptiste and Girvin, Steven M and Schoelkopf, Robert J and Devoret, Michel H},
  journal={Nature Physics},
  volume={18},
  number={12},
  pages={1464--1469},
  year={2022},
  publisher={Nature Publishing Group UK London}
}
@article{rymarz2021hardwaregkp,
  title={{Hardware-encoding grid states in a nonreciprocal superconducting circuit}},
  author={Rymarz, Martin and Bosco, Stefano and Ciani, Alessandro and DiVincenzo, David P},
  journal={Physical Review X},
  volume={11},
  number={1},
  pages={011032},
  year={2021},
  publisher={APS}
}
@article{gkp-periodic-drive2024,
  title={{Gottesman-Kitaev-Preskill state preparation using periodic driving}},
  author={Kolesnikow, Xanda C and Bomantara, Raditya Weda and Doherty, Andrew C and Grimsmo, Arne L},
  journal={Physical Review Letters},
  volume={125},
  number={26},
  year={2024},
  publisher={APS}
}
@article{sellem2024gkp,
  title={{A GKP qubit protected by dissipation in a high-impedance superconducting circuit driven by a microwave frequency comb}},
  author={Sellem, Lev-Arcady and Sarlette, Alain and Leghtas, Zaki and Mirrahimi, Mazyar and Rouchon, Pierre and Campagne-Ibarcq, Philippe},
  journal={arXiv:2304.01425},
  year={2023}
}
@article{sellem2023gkp,
title = {{Stability and decoherence rates of a GKP qubit protected by dissipation}},
journal = {IFAC-PapersOnLine},
volume = {56},
number = {2},
pages = {1325-1332},
year = {2023},
note = {22nd IFAC World Congress},
issn = {2405-8963},
doi = {https://doi.org/10.1016/j.ifacol.2023.10.1776},
url = {https://www.sciencedirect.com/science/article/pii/S2405896323021857},
author = {Lev-Arcady Sellem and Rémi Robin and Philippe Campagne-Ibarcq and Pierre Rouchon},
}
@phdthesis{vlad2023thesis,
    author={Sivak, Volodymyr},
    title={{Quantum Error Correction Beyond Break‐Even}},
    school={Yale University},
    year={2023}
}

% 3. Circuit QED ============================================















% 4. GKP 3D Experiment ============================================
@article{naghiloo2019introduction,
  title={Introduction to experimental quantum measurement with superconducting qubits},
  author={Naghiloo, Mahdi},
  journal={arXiv:1904.09291},
  year={2019}
}

@article{zhu2013cQEDfluxonium,
  title={{Circuit QED with fluxonium qubits: Theory of the dispersive regime}},
  author={Zhu, Guanyu and Ferguson, David G and Manucharyan, Vladimir E and Koch, Jens},
  journal={Physical Review B},
  volume={87},
  number={2},
  pages={024510},
  year={2013},
  publisher={APS}
}

@article{ding2023FTF,
  title={{High-fidelity, frequency-flexible two-qubit fluxonium gates with a transmon coupler}},
  author={Ding, Leon and Hays, Max and Sung, Youngkyu and Kannan, Bharath and An, Junyoung and Di Paolo, Agustin and Karamlou, Amir H and Hazard, Thomas M and Azar, Kate and Kim, David K and others},
  journal={Physical Review X},
  volume={13},
  number={3},
  pages={031035},
  year={2023},
  publisher={APS}
}
@phdthesis{ding2023thesis,
  title={{Novel Gates with Superconducting Fluxonium Qubits}},
  author={Ding, Leon},
  year={2023},
  school={{Massachusetts Institute of Technology}}
}

@article{oliver2005mach,
  title={{Mach-Zehnder interferometry in a strongly driven superconducting qubit}},
  author={Oliver, William D and Yu, Yang and Lee, Janice C and Berggren, Karl K and Levitov, Leonid S and Orlando, Terry P},
  journal={Science},
  volume={310},
  number={5754},
  pages={1653--1657},
  year={2005},
  publisher={American Association for the Advancement of Science}
}
@article{campbell2020universal,
  title={Universal nonadiabatic control of small-gap superconducting qubits},
  author={Campbell, Daniel L and Shim, Yun-Pil and Kannan, Bharath and Winik, Roni and Kim, David K and Melville, Alexander and Niedzielski, Bethany M and Yoder, Jonilyn L and Tahan, Charles and Gustavsson, Simon and others},
  journal={Physical Review X},
  volume={10},
  number={4},
  pages={041051},
  year={2020},
  publisher={APS}
}
@article{zhang2021universal,
  title={Universal fast-flux control of a coherent, low-frequency qubit},
  author={Zhang, Helin and Chakram, Srivatsan and Roy, Tanay and Earnest, Nathan and Lu, Yao and Huang, Ziwen and Weiss, DK and Koch, Jens and Schuster, David I},
  journal={Physical Review X},
  volume={11},
  number={1},
  pages={011010},
  year={2021},
  publisher={APS}
}
@article{earnest2018realization,
  title={Realization of a $\Lambda$ system with metastable states of a capacitively shunted fluxonium},
  author={Earnest, Nathan and Chakram, Srivatsan and Lu, Yao and Irons, Nicholas and Naik, Ravi K and Leung, Nelson and Ocola, Leo and Czaplewski, David A and Baker, Brian and Lawrence, Jay and others},
  journal={Physical review letters},
  volume={120},
  number={15},
  pages={150504},
  year={2018},
  publisher={APS}
}
@book{manenti2023quantum,
  title={Quantum information science},
  author={Manenti, Riccardo and Motta, Mario},
  year={2023},
  publisher={Oxford University Press}
}












% 5. GKP 2D Proposal ============================================















% App A. Resonators ============================================
@book{walls1994quantum,
  title={{Quantum Optics}},
  author={Walls, Daniel F and Milburn, Gerard J},
  year={1994},
  publisher={Springer, Berlin}
}

@book{gardiner2004quantum,
  title={{Quantum Noise}},
  author={Gardiner, Crispin and Zoller, Peter},
  year={2004},
  publisher={Springer Series in Synergetics},
} 
@article{clerk2010introduction,
  title={{Introduction to quantum noise, measurement, and amplification}},
  author={Clerk, Aashish A and Devoret, Michel H and Girvin, Steven M and Marquardt, Florian and Schoelkopf, Robert J},
  journal={Reviews of Modern Physics},
  volume={82},
  number={2},
  pages={1155},
  year={2010},
  publisher={APS}
}
@phdthesis{bienfait2016thesis,
  title={Magnetic resonance with quantum microwaves},
  author={Bienfait, Audrey},
  year={2016},
  school={Universit{\'e} Paris Saclay (COmUE)}
}
@phdthesis{touzard2019thesis,
    author={Touzard, Steven},
    title={{Stabilization of Bosonic Codes in Superconducting Circuits}},
    school={Yale University},
    year={2019}
}

@article{kurokawa1965power,
  title={{Power waves and the scattering matrix}},
  author={Kurokawa, Kaneyuki},
  journal={IEEE transactions on microwave theory and techniques},
  volume={13},
  number={2},
  pages={194--202},
  year={1965},
  publisher={IEEE}
}
@article{gardiner1985input,
  title={Input and output in damped quantum systems: Quantum stochastic differential equations and the master equation},
  author={Gardiner, Crispin W and Collett, Matthew J},
  journal={Physical Review A},
  volume={31},
  number={6},
  pages={3761},
  year={1985},
  publisher={APS}
}











