% 1. Intro ============================================
















% 2. QEC ============================================
















% 3. Circuit QED ============================================















% 4. GKP 3D Experiment ============================================















% 5. GKP 2D Proposal ============================================















% App A. Resonators ============================================
@article{gardiner1985input,
  title={Input and output in damped quantum systems: Quantum stochastic differential equations and the master equation},
  author={Gardiner, Crispin W and Collett, Matthew J},
  journal={Physical Review A},
  volume={31},
  number={6},
  pages={3761},
  year={1985},
  publisher={APS}
}
@book{walls1994quantum,
  title={{Quantum Optics}},
  author={Walls, Daniel F and Milburn, Gerard J},
  year={1994},
  publisher={Springer, Berlin}
}

@book{gardiner2004quantum,
  title={{Quantum Noise}},
  author={Gardiner, Crispin and Zoller, Peter},
  year={2004},
  publisher={Springer Series in Synergetics},
} 
@article{clerk2010introduction,
  title={Introduction to quantum noise, measurement, and amplification},
  author={Clerk, Aashish A and Devoret, Michel H and Girvin, Steven M and Marquardt, Florian and Schoelkopf, Robert J},
  journal={Reviews of Modern Physics},
  volume={82},
  number={2},
  pages={1155},
  year={2010},
  publisher={APS}
}













